@inproceedings{thousandCoreChips,
    author  = "Shekhar Borkar",
    title   = "Thousand {C}ore {C}hips-{A} {T}echnology {P}erspective",
    year    = "2007",
    booktitle   = "{DAC} '07 {P}roceedings of the 44th annual {D}esign {A}utomation {C}onference",
    publisher   = "{ACM} {N}ew {Y}ork, {NY}, {USA}",
    pages   = "746--749"
}

@inproceedings{theKillRule,
    author  = "Anant Agarwal and Markus Levy",
    title   = "The {KILL} {R}ule for {M}ulticore",
    year    = "2007",
    booktitle   = "{DAC} '07 {P}roceedings of the 44th annual {D}esign {A}utomation {C}onference",
    publisher   = "{ACM} {N}ew {Y}ork, {NY}, {USA}",
    pages   = "750--753"
}

@article{fiftyYearsOfMoores,
    author  = "Chris A. Mack",
    title   = "Fifty {Years} of {M}oore's {Law}",
    year    = "2011",
    journal = "Semiconductor Manufacturing, IEEE Transactions on",
    publisher   = "{IEEE}",
    volume  = "24",
    number  = "2",
    pages   = "202--207"
}

@inproceedings{endOfSemiconductors,
    author  = "Chris A. Mack",
    title   = "The End of the {S}emiconductor {I}ndustry {A}s {W}e {K}now {I}t",
    year    = "2003",
    booktitle   = "Proceedings of {SPIE}: Optical Microlithography {XVI}",
    publisher   = "{SPIE}",
    volume  = "5040",
    pages   = "21--31"
}

@inproceedings{frequencyAndVoltage,
    author  = "Michael Kadin and Sherief Reda",
    title   = "Frequency and {V}oltage {P}lanning for {M}ulti-{C}ore {P}rocessors {U}nder {T}hermal {C}onstraints",
    year    = "2008",
    booktitle   = "Computer {D}esign, 2008. {ICCD} 2008. {IEEE} {I}nternational {C}onference on",
    publisher   = "IEEE",
    pages   = "463--470"
}

@article{amdahlsLawMultiCore,
    author  = "Mark D. Hill and Michael R. Marty",
    title   = "Amdahl's {L}aw in the {M}ulticore {E}ra",
    year    = "2008",
    journal = "Computer",
    publisher   = "{IEEE}",
    volume  = "41",
    number  = "7",
    pages   = "33--38"
}

@inproceedings{amdahl,
    author  = "Gene M. Amdahl",
    title   = "Validity of the {S}ingle-{P}rocessor {A}pproach to {A}chieving {L}arge-{S}cale {C}omputing {C}apabilities",
    year    = "1967",
    booktitle   = "Proc. Am. Federation of Information Processing Societies Conf.",
    publisher   = "{AFIPS} Press",
    pages   = "483--485"
}

@article{reevaluateAmdahl,
    author  = "John L. Gustafson",
    title   = "Reevaluating {A}mdahl's {L}aw",
    year    = "1988",
    journal = "Communications of the {ACM}",
    publisher   = "{ACM} {N}ew {Y}ork, {NY}, {USA}",
    volume  = "31",
    number  = "5",
    pages   = "532--533"
}

@article{theConcurrencyChallenge,
    author  = "{{W}en-mei} Hwu and Kurt Keutzer and Timothy G. Mattson",
    title   = "The {C}oncurrency {C}hallenge",
    year    = "2008",
    journal = "IEEE {D}esign \& {T}est of {C}omputers",
    volume  = "25",
    number  = "4",
    pages   = "312--320"    
}

@article{concurrencyChallenges,
    author  = "Herb Sutter and James Larus",
    title   = "Software and the {C}oncurrency {R}evolution",
    year    = "2005",
    journal = "Queue",
    publisher   = "{ACM} {N}ew {Y}ork, {NY}, {USA}",
    volume  = "3",
    number  = "7",
    pages   = "54--62"
}

@article{theFreeLunchIsOver,
    author  = "Herb Sutter",
    title   = "The free lunch is over: a fundamental turn toward concurrency in software",
    year    = "2005",
    journal = "Dr {D}obb's {J}ournal",
    volume  = "30",
    number  = "3",
    note    = "\url{http://www.gotw.ca/publications/concurrency-ddj.htm}: [Online; accessed 20-October-2012]"
}

@book{parkinsonsLaw,
    author  = "C. N. Parkinson",
    title   = "Parkinson's {L}aw and other studies in administration",
    publisher   = "Houghton Mifflin Company, Boston",
    year    = "1957"
}

@article{promisesOfFunctionalProgramming,
    author  = "Konrad Hinsen",
    title   = "The {P}romises of {F}unctional {P}rogramming",
    year    = "2009",
    journal = "Computing in {S}cience \& {E}ngineering",
    volume  = "11",
    number  = "4",
    pages   = "86--90"
}

@article{churchTuringThesis,
    author  = "Jack Copeland",
    title   = "The {C}hurch-{T}uring {T}hesis",
    year    = "2004",
    journal = "Neuro{Q}uantology",
    volume  = "2",
    number  = "2",
    pages   = "101--115"
}

@incollection{historyOfLisp,
    author  = "John McCarthy",
    title   = "History of {LISP}",
    booktitle   = "History of {P}rogramming {L}anguages {I}",
    publisher   = "{ACM} {N}ew {Y}ork, {NY}, {USA}",
    year    = "1981",
    pages   = "173--185"
}

@article{paraFuncImp,
    author  = "S. L. {{P}eyton {J}ones}",
    title   = "Parallel {I}mplementations of {F}unctional {P}rogramming {L}anguages",
    year    = "1989",
    journal = "The {C}omputer {J}ournal",
    volume  = "32",
    number  = "2",
    pages   = "175--186"    
}

@article{languageComparison,
    author  = "Lutz Prechelt",
    title   = "An {E}mpirical {C}omparison of {S}even {P}rogramming {L}anguages",
    year    = "2000",
    journal = "Computer",
    volume  = "33",
    number  = "10",
    pages   = "23--29"
}

@book{structureAndInterpretation,
    author  = "Harold Abelson and Gerald Jay Sussman",
    title   = "{S}tructure and {I}nterpretation of {C}omputer {P}rograms",
    publisher   = "{T}he {MIT} {P}ress",
    year    = "1996",
    edition = "2nd"
}

@book{learningJava,
    author  = "Patrick Niemeyer and Jonathan Knudsen",
    title   = "{L}earning {J}ava",
    publisher   = "{O}'{R}eilly {M}edia, {I}nc",
    year    = "2005",
    edition = "3rd"
}

@article{church1932,
    author  = "Alonso Church",
    title   = "A set of {P}ostulates for the {F}oundation of {L}ogic",
    journal = "Annals of {M}athematics, second series",
    year    = "1932",
    pages   = "346--366"
}

@article{church1936,
    author  = "Alonso Church",
    title   = "An {U}nsolvable {P}roblem of {E}lementary {N}umber {T}heory",
    journal = "American Journal of Mathematics",
    year    = "1936",
    pages   = "346--366"
}

@inproceedings{turing1936,
    author  = "Alan Turing",
    title   = "On {C}omputable {N}umbers, {W}ith an {A}pplication to the {E}ntscheidungsproblem",
    booktitle   = "Proceedings {o}f the {L}ondon {M}athematical {S}ociety",
    number  = "42",
    series  = "2",
    year    = "1936",
    pages   = "230--265"
}

@article{lambdaHighlights,
    author  = "J. Barkley Rosser",
    title   = "Highlights of the {H}istory of the {L}ambda-{C}alculus",
    journal = "Annals of the {H}istory of {C}omputing",
    volume  = "6",
    number  = "4",
    year    = "1984",
    pages   = "337--349"
}

@incollection{imperativeFunctional,
    author  = "Henk Barendregt and Giulio Manzonetto and Rinus Plasmeijr",
    title   = "{T}he {I}mperative and {F}unctional {P}rogramming {P}aradigm",
    booktitle   = "{A}lan {T}uring - {H}is {W}ork and {I}mpact",
    publisher   = "{E}lsevier",
    year    = "2013"
}

@book{moscow,
    author  = "Dai Clegg",
    title   = "{CASE} {M}ethod {F}ast-{T}rack: {A RAD} {A}pproach",
    publisher = "{A}ddison {W}esley",
    year    = "1994",
    edition = "1st"
}

@inproceedings{bnf,
    author  = "J. W. Backus",
    title   = "{T}he {S}yntax and {S}emantics of the {P}roposed {I}nternational {A}lgebraic {L}anguage of the {Z}urich {ACM}-{GAMM} {C}onference",
    booktitle = "{P}roceedings of the {I}nternational {C}onference on {I}nformation {P}rocessing",
    publisher = "{UNESCO}",
    year    = "1959",
    pages   = "125--132"
}
